@article{math_behind_trueskill,
  title={{The Math Behind True Skill}},
  author={Jeff Moser},
  year={2012},
  note = "Online: \url{http://dl.dropboxusercontent.com/u/1083108/Moserware/Skill/The\%20Math\%20Behind\%20TrueSkill.pdf}"
}

@article{herbrich2007trueskill,
  title={Trueskillâ„¢: A Bayesian skill rating system},
  author={Herbrich, Ralf and Minka, Tom and Graepel, Thore},
  journal={Advances in Neural Information Processing Systems},
  volume={19},
  pages={569},
  year={2007},
  publisher={MIT; 1998}
}

@article{kschischang2001factor,
  title={Factor graphs and the sum-product algorithm},
  author={Kschischang, Frank R. and Frey, Brendan J. and Loeliger, H-A},
  journal={Information Theory, IEEE Transactions on},
  volume={47},
  number={2},
  pages={498--519},
  year={2001},
  publisher={IEEE}
}

@inproceedings{minka2001expectation,
  title={Expectation propagation for approximate Bayesian inference},
  author={Minka, Thomas P},
  booktitle={Proceedings of the Seventeenth conference on Uncertainty in artificial intelligence},
  pages={362--369},
  year={2001},
  organization={Morgan Kaufmann Publishers Inc.}
}