@inproceedings{minka_expectation_2001,
	title = {{Expectation} {Propagation} for approximate {Bayesian} 
	inference},
	isbn = {1-55860-800-1},
	booktitle = {Proceedings of the 17th Conference in Uncertainty in Artificial Intelligence},
	publisher = {Morgan Kaufmann Publishers Inc.},
	author = {Minka, Thomas P.},
	year = {2001},
	pages = {362--369},
}

@techreport{tina-2003,
	author = {Bromiley, P.A.},
	institution = {TINA Vision},
	number = {2003-003},
  timestamp = {2011-02-11T18:47:13.000+0100},
	title = {Products and Convolutions of {Gaussian} Distributions},
  type = {Internal Report},
  year = 2003
}

@misc{mcalc,
	title = {Notes on Matrix Calculus},
	author = {Fackler, Paul L.},
	institution = {North Carolina State University},
	year = 2005
}
