@misc{ wiki_probit,
   author = "Wikipedia",
   title = "Probit model --- {W}ikipedia{,} The Free Encyclopedia",
   year = "2013",
   howpublished ="\url{http://en.wikipedia.org/wiki/Probit_model}",
   note = "[Online; accessed 22-July-2013]"
}

@misc{ wiki_gibbs,
   author = "Wikipedia",
   title = "Gibbs sampling --- {W}ikipedia{,} The Free Encyclopedia",
   year = "2013",
   howpublished ="\url{http://en.wikipedia.org/wiki/Gibbs_sampling}",
   note = "[Online; accessed 22-July-2013]"
}

@article{ gibbs_intro,
   author = "B. Walsh",
   title = "Markov Chain Monte Carlo and Gibbs Sampling",
   year = "2004",
   howpublished ="\url{http://web.mit.edu/~wingated/www/introductions/mcmc-gibbs-intro.pdf}",
   note = "[Online; accessed 22-July-2013]"
}

@article{ explaining_gibbs,
    author = "George Casella; Edward I. George",
    title = "Explaining the Gibbs Sampler",
    publisher = "The American Statistician, Vol. 46, No. 3. (Aug., 1992), pp. 167-174.",
    year = "1992",
    howpublished = "\url{http://links.jstor.org/sici?sici=0003-1305%28199208%2946%3A3%3C167%3AETGS%3E2.0.CO%3B2-R}",
    note = "[Online; accessed 22-July-2013]"
}
